@book{james2013introduction,
  title={An introduction to statistical learning},
  author={James, Gareth and Witten, Daniela and Hastie, Trevor and Tibshirani, Robert},
  volume={112},
  year={2013},
  publisher={Springer}
}

@article{domingos2012few,
  title={A few useful things to know about machine learning},
  author={Domingos, Pedro},
  journal={Communications of the ACM},
  volume={55},
  number={10},
  pages={78--87},
  year={2012},
  publisher={ACM New York, NY, USA}
}

@book{han2011data,
  title={Data mining: concepts and techniques 3rd Edition},
  author={Han, Jiawei and Pei, Jian and Kamber, Micheline},
  year={2011},
  publisher={Elsevier}
}

@book{gladwell2008outliers,
  title={Outliers: The Story of Success},
  author={Gladwell, Malcolm},
  year={2008},
  publisher={Hachette UK}
}

@book{spiegel2009probability,
  title={Probability and statistics},
  author={Spiegel, Murray R and Schiller, John J and Srinivasan, R Alu and LeVan, Mike},
  volume={2},
  year={2009},
  publisher={Mcgraw-hill New York, USA}
}

@book{lantz2013machine,
  title={Machine learning with R},
  author={Lantz, Brett},
  year={2013},
  publisher={Packt Publishing Ltd}
}

@book{tan2006introduction,
  title={Introduction to data mining},
  author={Tan, Pang-Ning and Steinbach, Michael and Kumar, Vipin},
  year={2006},
  publisher={Pearson Education India}
}

@book{larson2000elementary,
  title={Elementary statistics: picturing the World},
  author={Larson, Ron and Farber, Elizabeth},
  year={2000},
  publisher={Prentice Hall}
}